@inproceedings{wang2022bamboo,
	title={Bamboo Filters: Make Resizing Smooth},
	author={Wang, et al.},
	booktitle={Proceedings of the 2022 International Conference on Data Engineering (ICDE)},
	pages={1040--1051},
	year={2022},
	publisher={IEEE},
	doi={10.1109/ICDE53745.2022.00078}
}

@article{fan2013cuckoo,
	title={Cuckoo Filter: Better Than Bloom},
	author={Fan, Bin and Andersen, David G and Kaminsky, Michael and Mitzenmacher, Michael},
	journal={;login: magazine},
	volume={38},
	number={4},
	pages={50--59},
	year={2013},
	url={https://www.cs.cmu.edu/~binfan/papers/login_cuckoofilter.pdf}
}

@inproceedings{fan2014cuckoo,
	title={Cuckoo Filter: Practically Better Than Bloom},
	author={Fan, Bin and Andersen, David G and Kaminsky, Michael and Mitzenmacher, Michael},
	booktitle={Proceedings of the 2014 ACM International on Conference on emerging Networking EXperiments and Technologies},
	pages={75--88},
	year={2014},
	url={http://www.cs.cmu.edu/~binfan/papers/conext14_cuckoofilter.pdf}
}
